@article{dang2018,
    title={Efficient identity-based authenticated key agreement protocol with provable security for vehicular ad hoc networks},
    author={Dang, Lanjun and Xu, Jie and Cao, Xuefei and Li, Hui and Chen, Jie and Zhang, Yueyu and Fu, Xiaotong},
    journal={International Journal of Distributed Sensor Networks},
    volume={14},
    number={4},
    year={2018},
    publisher={SAGE Publications Sage UK: London, England}
}

@article{holbl2012,
    title={An improved two-party identity-based authenticated key agreement protocol using pairings},
    author={H{\"o}lbl, Marko and Welzer, Tatjana and Brumen, Bo{\v{s}}tjan},
    journal={Journal of Computer and System Sciences},
    volume={78},
    number={1},
    pages={142--150},
    year={2012},
    publisher={Elsevier}
}

@article{Islamgpwpc2015,
title={Design of Two-Party Authenticated Key Agreement Protocol Based on {ECC} and Self-Certified Public Keys},
author={Islam, SK Hafizul and Biswas, Gosta Pada},
journal={Wireless Personal Communications},
volume={82},
number={6},
pages={2727-2750},
year={2015},
publisher={Springer}
}
@article{Cao2010,
title={A pairing-free identity-based authenticated key agreement protocol with minimal message exchanges},
author={Cao, Xuefei and Kou, Weidong and Du, Xiaoni},
journal={Information Sciences},
volume={180},
pages={2895--2903},
year={2010},
publisher={Elsevier}
}

@article{Tseng2007,
title={An efficient two-party identity-based key exchange protocol},
author={Tseng, Yuh-Min},
journal={Informatica},
volume={18},
number={1},
pages={125--136},
year={2007}
}
.

@InProceedings{Saraswathy2017,
title={Provably secure password authenticated key exchange based on {RLWE} for the post-quantum world},
author={Ding, Jintai and Alsayigh, Saed and Lancrenon, Jean and Saraswathy, R V and Snook, Michael},
booktitle={Proceedings of the Cryptographers Track RSA Conference},
pages={183-204},
year={2017},
publisher={Springer International Publishing},
address={Cham}
}

@InProceedings{LyubashevskyyV2010,
title={On Ideal Lattices and Learning with Errors Over Rings},
author={Lyubashevskyy, Vadim and Peikertz, Chris and Regev, Oded},
booktitle={Proceedings of the Annual International Conference on the Theory and Applications of Cryptographic Techniques: Advances in Cryptology (EUROCRYPT 2010)},
pages={1-23},
year={2010},
publisher={Springer Berlin Heidelberg},
address={Berlin, Heidelberg}
}

@InProceedings{ZhangJ2015,
title={Authenticated key exchange from ideal lattices},
author={Zhang, Jiang and Zhang, Zhenfeng and Ding, Jintai and Snook, Michael and Dagdelen, $\ddot{O}$zg$\ddot{u}$r},
booktitle={Proceedings of the Annual International Conference on the Theory and Applications of Cryptographic Techniques: Advances in Cryptology (EUROCRYPT 2015)},
pages={719-751},
year={2015},
publisher={Springer Berlin Heidelberg},
address={Berlin, Heidelberg}
}

@InProceedings{Yacobi1990,
title={A key distribution ``paradox''},
author={Yacobi, Yacov},
booktitle={Proceedings of the 10th Annual International Cryptology Conference: Advances in Cryptology (CRYPTO'90)},
location={Santa Barbara, California, USA},
volume = {537},
pages={268-273},
year={1990},
publisher={Springer, Berlin}
}

@InProceedings{YacovZ1989,
title={On key distribution systems},
author={Yacobi, Yacov and Shmuely, Z.},
booktitle={Proceedings of the Conference on the Theory and Application of Cryptology: Advances in Cryptology(CRYPTO'89)},
location={Santa Barbara, California, USA},
volume = {435},
pages={344-355},
year={1989},
publisher={Springer, Berlin}
}

@InProceedings{Choo2005,
title={Security of two-party identity-based key agreement},
author={Boyd, Colin and Choo, Kim-Kwang Raymond},
booktitle={Proceedings of the progress in cryptology(MYCRYPT'05)},
location={Santa Barbara, California, USA},
volume = {3715},
pages={229-243},
year={2005},
publisher={Springer, Berlin}
}

@article{VS2006,
title={Sequences of Games: A Tool for Taming Complexity in Security Proofs},
author={Shoup, Victor},
year = {2004},
journal={Cryptology ePrint Archieve, Report 2004/332},
note = "[Available: http://eprint.iacr.org/2004/332]"
}

@article{islam2016,
title={An anonymous and provably secure authentication scheme for mobile user},
author={Islam, SK Hafizul and Obaidat, Mohammad S. and Amin, Ruhul},
journal={International Journal Communication Systems},
volume={29},
pages={1529-1544},
year={2016},
publisher={Wiley}
}

@article{FengHe2018,
title={Ideal Lattice-Based Anonymous Authentication Protocol for Mobile Devices},
author={Feng, Qi and He, Debiao and Zeadaly, Sherali and Kumar, Neeraj and Liang, Kaitai},
journal={IEEE Systems Journal},
pages={1-11},
year={2018},
publisher={IEEE}
}

@misc{LCL2019,
author = {IBM},
title = {Lattice{C}rypto {L}ibrary},
note = "[2016. Available: https://www.microsoft.com/en-us/download/confirmation.aspx?id=52371]"
}

@article{Islamijcs2016,
title={Design and analysis of an improved smartcard-based remote user password authentication scheme},
author={Islam, SK Hafizul},
journal={International Journal of Communication Systems},
volume={29},
pages={1708-1719},
year={2016},
publisher={Wiley}
}

@article{Diffie1976,
title={New directions in cryptography},
author={Diffie, Whitfield and Hellman, Martin E.},
journal={IEEE Transaction on Information Theory},
volume={22},
number={6},
pages={644-654},
year={1976},
publisher={IEEE}
}



@InProceedings{PWShor1994,
title={Algorithms for quantum computation: Discrete logarithms and factoring},
author={Shor, Peter W.},
booktitle={Proceedings of the 35th Annual Symposium on Foundations of Computer Science},
location={Santa Barbara, California, USA},
pages={124-134},
month={November},
year={1994},
location={Santa Fe, NM, USA},
publisher={IEEE}
}


@article{PWShor1999,
title={Polynomial-time algorithms for prime factorization and discrete logarithms on a quantum computer},
author={Shor, Peter W.},
journal={SIAM Review},
volume={41},
number={2},
pages={302-332},
year={1999},
publisher={SIAM}
}

@misc{NIST2016,
author = {NIST},
title = {Post-quantum crypto project},
note = "[2016; Available: http://csrc.nist.gov/groups/ST/post-quantum-crypto/]"
}

@InProceedings{LyubashevskyV2010,
title={On ideal lattices and learning with errors over rings},
author={Lyubashevsky, Vadim and Peikert, Chris and Regev, Oded},
booktitle={Proceedings of the Annual International Conference on the Theory and Applications of Cryptographic Techniques: Advances in Cryptology (EUROCRYPT 2010},
location={Santa Barbara, California, USA},
pages={1-23},
year={2010},
publisher={Springer Berlin Heidelberg},
address={Berlin, Heidelberg}
}

@InProceedings{Alkim2016,
title={Post-quantum key exchange - {A} new hope},
author={Alkim, Erdem and Ducas, L$\acute{e}$o and P$\ddot{o}$ppelmann, Thomas and Schwabe, Peter},
booktitle={Proceedings of the 25th {USENIX} {S}ecurity {S}ymposium},
location={Santa Barbara, California, USA},
pages={327-343},
year={2016}
}

@article{MicciancioDRO2007,
title={Worst-case to average-case reductions based on gaussian measures},
author={Micciancio, Daniele and Regev, Oded},
journal={SIAM Journal of Computing},
volume={37},
number={1},
pages={267-302},
year={2007},
publisher={SIAM}
}

@article{DingJ2007,
title={A Simple Provably Secure Key Exchange Scheme Based on the Learning with Errors Problem},
author={Ding, Jintai and Xie, Xiang and Lin, Xiaodong},
journal={IACR Cryptology ePrint Archieve},
volume={Report No.: 2012/688},
year={2012}
}

@InProceedings{Bellare1993,
title={Random oracles are practical: A paradigm for designing efficient protocols},
author={Bellare, Mihir and Rogaway, Phillip Rogaway},
booktitle={Proceedings of the 1st ACM conference on Computer and communications security},
location={Santa Barbara, California, USA},
pages={62-73},
year={1993},
address={Fairfax, Virginia, USA}
}

@article{debiao2019,
    title={White-box implementation of the identity-based signature scheme in the {IEEE~P1363} standard for public key cryptography},
    author={Zhang, Yudi and He, Debiao and Huang, Xinyi and Wang, Ding and Choo, Kim-Kwang Raymond and Wangrumen, Jiang},
    journal={IEICE Transactions on Information and Systems},
    volume={},
    number={},
    pages={},
    doi={10.1587/transinf.2019INP0004},
    year={2019}
}
